@GLOSSDEF{AF,
  word="AF",
  definition="Air Force"
}
@GLOSSDEF{AFRL,
  word="AFRL",
  definition="Air Force Research Laboratory"
}
@GLOSSDEF{FAQ,
  word="FAQ",
  definition="Frequenty Asked Questions"
}
@GLOSSDEF{HTTP,
  word="HTTP",
  definition="Hypertext transfer protocol"
}
@GLOSSDEF{HTTPS,
  word="HTTPS",
  definition="Hypertext Transfer Protocol over Secure Socket Layer"
}
@GLOSSDEF{OSS,
  word="OSS",
  definition="Open Source Software"
}
@GLOSSDEF{POC,
  word="POC",
  definition="Point of Contact"
}
@GLOSSDEF{RF,
  word="RF",
  definition="Radio frequency"
}
@GLOSSDEF{FPGA,
  word="FPGA",
  definition="Field-Programmable Gate Array"
}
@GLOSSDEF{DAQ,
  word="DAQ",
  definition="Data Acquisition"
}
@GLOSSDEF{COMEDI,
  word="Comedi",
  definition="Control and Measurement Device Interface -- an \acro{OSS} project
  to interface with data acquisition and experimental control hardware."
}
@GLOSSDEF{DAQmx,
  word="NI-DAQmx",
  definition="National Instruments unified \acro{DAQ} hardware interface
  library--ncludes a LabView interface and a c-library interface."
}
@GLOSSDEF{GPL,
  word="GPL",
  definition="The GNU General Public License"
}
